@incollection{reid2002thomas,
  title={Thomas Reid: Essays on the Intellectual Powers of Man},
  author={Reid, Thomas and Brookes, Derek and Haakonssen, Knud},
  booktitle={Thomas Reid-Essays on the Intellectual Powers of Man},
  year={2002},
  publisher={Edinburgh University Press}
}

@book{russell2007logic,
  title={Logic and knowledge: Essays 1901-1950},
  author={Russell, Bertrand},
  year={2007},
  publisher={Spokesman Books}
}

@article{russell2015analysis,
  title={Analysis of Matter (1927)},
  author={Russell, Bertrand},
  journal={{Consciousness in the Physical World: Perspectives on Russellian Monism}},
  pages={29},
  year={2015},
  publisher={Oxford University Press}
}

@book{coady1992testimony,
  title={Testimony: A philosophical study},
  author={Coady, Cecil Anthony John},
  year={1992},
  publisher={Clarendon Press}
}

@book{wickham2019advanced,
  title={{Advanced R}},
  author={Wickham, Hadley},
  year={2019},
  publisher={CRC press},
  url={https://adv-r.hadley.nz/}
}

@book{wickham2016r,
  title={{R for data science: import, tidy, transform, visualize, and model data}},
  author={Wickham, Hadley and Grolemund, Garrett},
  year={2016},
  publisher={O'Reilly Media, Inc.},
  url={http://r4ds.had.co.nz/}
}

@book{kottwitz2021latex,
  title={{LaTeX Beginner's Guide: Create visually appealing texts, articles, and books for business and science using LaTeX}},
  author={Kottwitz, Stefan},
  year={2021},
  publisher={Packt Publishing Ltd}
}

@book{gratzer2016more,
  title={{More Math Into LaTeX}},
  author={George Grätzer},
  year={2016},
  publisher={Springer International}
}

@book{gunther2017learn,
  title={Learn Version Control With Git: A Step-by-step Course for the Complete Beginner},
  author={Günther, Tobias},
  isbn={9781548942465},
  year={2017},
  publisher={CreateSpace Independent Publishing Platform}
}

@book{santacroce2017git,
  title={{Git Essentials: Create, merge, and distribute code with Git, the most powerful and flexible versioning system available}},
  author={Santacroce, Ferdinando},
  year={2017},
  publisher={Packt Publishing Ltd}
}

@book{kattan2008matlab,
  title={{Matlab for Beginners: A gentle approach}},
  author={Kattan, Peter Issa},
  year={2008},
  publisher={Petra books}
}
